<record><leader>00000cas a22000007a 4500</leader><controlfield tag="001">12402854</controlfield><controlfield tag="008">850820d19501954paumr ne      0    0eng d</controlfield><datafield ind1=" " ind2=" " tag="010"><subfield code="a">sn 85055020 </subfield></datafield><datafield ind1=" " ind2=" " tag="040"><subfield code="a">NPH</subfield><subfield code="b">eng</subfield><subfield code="c">NPH</subfield><subfield code="d">OCLCQ</subfield></datafield><datafield ind1=" " ind2=" " tag="042"><subfield code="a">msc</subfield></datafield><datafield ind1="0" ind2="4" tag="245"><subfield code="a">The Community advertiser.</subfield></datafield><datafield ind1=" " ind2=" " tag="260"><subfield code="a">Orangeville, Pa. :</subfield><subfield code="b">Orangeville Print. Co.,</subfield><subfield code="c">1950-1954.</subfield></datafield><datafield ind1=" " ind2=" " tag="300"><subfield code="a">4 v. :</subfield><subfield code="b">ill. ;</subfield><subfield code="c">27 cm.</subfield></datafield><datafield ind1=" " ind2=" " tag="310"><subfield code="a">Monthly</subfield></datafield><datafield ind1="0" ind2=" " tag="362"><subfield code="a">Vol. 1, no. 1 (Jan. 26, 1950)-v. 5, no. 7 (July 26, 1954).</subfield></datafield><datafield ind1=" " ind2=" " tag="500"><subfield code="a">Published the last Thursday of each month.</subfield></datafield><datafield ind1=" " ind2=" " tag="752"><subfield code="a">United States</subfield><subfield code="b">Pennsylvania</subfield><subfield code="c">Columbia</subfield><subfield code="d">Orangeville.</subfield></datafield></record>